@misc{isingwiki,
    author = {{Wikipedia contributors}},
    title = {Ising model},
    year = {2024},
    url = {https://en.wikipedia.org/wiki/Ising_model},
    note = {Accessed: November, 2024}
}

@misc{algorithmarchive,
    author = {{Algorithm Archive}},
    title = {The Metropolis Algorithm},
    year = {2024},
    url = {https://www.algorithm-archive.org/contents/metropolis/metropolis.html},
    note = {Accessed: November, 2024}
}