@book{chang_fisica_computacional,
  title = {Física Computacional},
  author = {Chang, Juan Diego},
  year = {2023},
  url = {https://drive.google.com/file/d/1QOEGPR-jIpCUedNI7W8OMfSFOAApqNSS/view},
  note = {Accessed: 2023-06-01}
}

@misc{github_repo,
  title = {Física Computacional GitHub Repository},
  author = {Leiva, Brian},
  year = {2023},
  url = {https://github.com/BrianDL/fisica_computacional/tree/main},
  note = {Accessed: 2023-06-01}
}

@misc{mercury_notebook,
  title = {Simulación de la Órbita de Mercurio - Jupyter Notebook},
  author = {Leiva, Brian},
  year = {2023},
  url = {https://github.com/BrianDL/fisica_computacional/blob/main/2%20-%20Perihelio%20de%20Mercurio/simulacion_mercurio.ipynb},
  note = {Accessed: 2023-06-01}
}