
@misc{chang_fisica_nodate,
	title = {Fisica {Computacional}},
	url = {https://drive.google.com/file/d/1QOEGPR-jIpCUedNI7W8OMfSFOAApqNSS/view},
	author = {Chang, Juan Diego},
}

@misc{leiva_metodo_nodate,
	title = {El {Metodo} de {Euler}},
	url = {https://github.com/BrianDL/fisica_computacional/blob/main/1%20-%20M%C3%A9todo%20de%20Euler/euler.ipynb},
	author = {Leiva, Brian D.},
}
